<record><leader>00000cas a22000007a 4500</leader><controlfield tag="001">10383299</controlfield><controlfield tag="008">840207d1871196uctuwr ne      0    0eng d</controlfield><datafield ind1=" " ind2=" " tag="010"><subfield code="a">sn 84022379 </subfield></datafield><datafield ind1=" " ind2=" " tag="040"><subfield code="a">NPX</subfield><subfield code="b">eng</subfield><subfield code="c">NPX</subfield><subfield code="d">NPU</subfield><subfield code="d">CNW</subfield><subfield code="d">OCLCQ</subfield><subfield code="d">OCLCG</subfield><subfield code="d">OCLCQ</subfield></datafield><datafield ind1=" " ind2=" " tag="042"><subfield code="a">msc</subfield></datafield><datafield ind1=" " ind2=" " tag="043"><subfield code="a">n-us-ct</subfield></datafield><datafield ind1="0" ind2="4" tag="245"><subfield code="a">The Seymour record.</subfield></datafield><datafield ind1=" " ind2=" " tag="260"><subfield code="a">Seymour, Conn. :</subfield><subfield code="b">W.C. Sharpe</subfield></datafield><datafield ind1=" " ind2=" " tag="300"><subfield code="a">v. :</subfield><subfield code="b">ill. ;</subfield><subfield code="c">35-61 cm.</subfield></datafield><datafield ind1=" " ind2=" " tag="310"><subfield code="a">Weekly,</subfield><subfield code="b">June 7, 1873-&lt;June 19, 1941&gt;</subfield></datafield><datafield ind1=" " ind2=" " tag="321"><subfield code="a">Monthly,</subfield><subfield code="b">1871-June 1, 1873</subfield></datafield><datafield ind1="0" ind2=" " tag="362"><subfield code="a">May 1, 1871-</subfield></datafield><datafield ind1=" " ind2=" " tag="500"><subfield code="a">Two issues published in Nov., Dec. 1871 and Feb. 1872.</subfield></datafield><datafield ind1=" " ind2=" " tag="500"><subfield code="a">Editor: William Carvosso Sharpe, 1871-1924.</subfield></datafield><datafield ind1=" " ind2=" " tag="500"><subfield code="a">"Independent." Cf. Rowell, 1877.</subfield></datafield><datafield ind1=" " ind2=" " tag="515"><subfield code="a">Issues for Aug. 1, 1871-Oct. 13/20, 1938 also called: Vol. 1, no. 4-v. 67, no. 45-46.</subfield></datafield><datafield ind1=" " ind2=" " tag="515"><subfield code="a">Issues for Mar. 30, 1883-Dec. 30, 1937 also called: Whole no. 542-3,550.</subfield></datafield><datafield ind1=" " ind2="4" tag="651"><subfield code="a">Seymour (Conn.)</subfield><subfield code="v">Newspapers.</subfield></datafield><datafield ind1="1" ind2=" " tag="700"><subfield code="a">Sharpe, W. C.</subfield><subfield code="q">(William Carvosso),</subfield><subfield code="d">1839-1924.</subfield></datafield><datafield ind1=" " ind2=" " tag="752"><subfield code="a">United States</subfield><subfield code="b">Connecticut</subfield><subfield code="c">New Haven</subfield><subfield code="d">Seymour.</subfield></datafield><datafield ind1="1" ind2=" " tag="029"><subfield code="a">AU@</subfield><subfield code="b">000020414381</subfield></datafield></record>